# sample entry
@inproceedings{ANNreview,
	author = {Vachik S. Dave, Kamlesh Dutta},
	title = {{Neural network based models for software effort estimation: a review}},
	year = {2012},
	doi = {https://link.springer.com/article/10.1007\%2Fs10462-012-9339-x},
	publisher = {Artificial Intelligence Review},
}

@inproceedings{efficientDigitalImpl,
	author = {M.T. Tommiska},
	title = {{Efficient digital implementation of the sigmoid
function for reprogrammable logic}},
	year = {2003},
	doi = {https://citeseerx.ist.psu.edu/viewdoc/download?doi=10.1.1.138.7975&rep=rep1&type=pdf},
	publisher = {IEE Proceedings online},
}

@inproceedings{impactANN,
	author = {Joseph Awoamim Yacim, Douw Boshoff},
	title = {{Impact of Artificial Neural Networks Training Algorithms on Accurate Prediction of Property Values}},
	year = {2018},
	doi = {https://www.researchgate.net/publication/328733599_Impact_of_Artificial_Neural_Networks_Training_Algorithms_on_Accurate_Prediction_of_Property_Values},
	publisher = {Journal of Real Estate Research},
}

@inproceedings{layersFigure,
	author = {Engin Pekel, Selin Kara},
	title = {{A COMPREHENSIVE REVIEW FOR ARTIFICAL NEURAL NETWORK APPLICATION TO PUBLIC TRANSPORTATION}},
	year = {2017},
	doi = {https://www.researchgate.net/publication/315111480_A_COMPREHENSIVE_REVIEW_FOR_ARTIFICAL_NEURAL_NETWORK_APPLICATION_TO_PUBLIC_TRANSPORTATION},
	publisher = {Sigma J Eng and Nat Sci 35},
}

@inproceedings{fpgaStructureBook,
	author = {Ian Kuon, Russel Tessier, Jonathan Rose},
	title = {{FPGA Architecture: Survey and Challenges}},
	year = {2008},
	publisher = {Foundation and Trends In Electronic Design Automation},
}

@inproceedings{CnnFpgaSurvey,
	author = {Kamel Abdelouahab et al.},
	title = {{Accelerating CNN inference on FPGAs: A Survey}},
	year = {2012},
	publisher = {arXiv preprint arXiv:1806.01683 (2018)},
}

@inproceedings{CnnFpgaSurvey2,
    author = {Jian Cheng et al.},
	title = {{Recent advances in efficient computation of deep convolutional neural networks}},
	year = {2018},
	doi = {https://link.springer.com/article/10.1007\%2Fs00521-018-3761-1},
	publisher = {Frontiers of Information Technology and Electronic Engineering 19, 1 (2018},
    }
    
@inproceedings{CnnAdvances,
    author = {Sparsh Mittal},
	title = {{A survey of FPGA-based accelerators for convolutional neural networks}},
	year = {2018},
	doi = {https://arxiv.org/pdf/1802.00939.pdf},
	publisher = {Neural Computing and Applications 32, 4 (2018)},
}

@inproceedings{efficienfProcessingDnn,
    author = {Vivienne Sze et al.},
	title = {{Efficient Processing of Deep Neural Networks: A Tutorial and Survey}},
	year = {2017},
	doi = {https://arxiv.org/pdf/1703.09039.pdf},
	publisher = {Proceedings of the IEEE},
}

@inproceedings{learningOnHardware,
    author = {LUKAS BAISCHER et al.},
	title = {{Learning on Hardware: A Tutorial on Neural Network Accelerators and Co-Processors}},
	year = {2021},
	doi = {https://arxiv.org/pdf/2104.09252.pdf},
	publisher = {arXiv 0, 0, Article 0 (April 2021)},
}

@inproceedings{mappingCnnFpga,
    author = {STYLIANOS I. VENIERIS et al.},
	title = {{Toolflows for Mapping Convolutional Neural Networks on FPGAs: A Survey and Future Directions}},
	year = {2018},
	doi = {https://arxiv.org/pdf/1803.05900.pdf},
	publisher = {arXiv 0, 0, Article 0 (April 2021)},
}

@inproceedints{deepLearningLimitedNumericalPrecision,
    author = {Suyog Gupta et al.},
	title = {{Deep Learning with Limited Numerical Precision}},
	year = {2018},
	doi = {https://arxiv.org/pdf/1502.02551.pdf},
	publisher = {International Conference on Machine Learning, 1737-1746},
}

@inproceedints{8BitApprox,
    author = {Tim Dettmers et al.},
	title = {{8-Bit Approximations for Parallelism in Deep Learning}},
	year = {2015},
	doi = {https://arxiv.org/pdf/1511.04561.pdf},
	publisher = {arXiv:1511.04561},
}

@inproceedints{NetworkQuantization,
    author = {Aojun Zhou et al.},
	title = {{INCREMENTAL NETWORK QUANTIZATION: TOWARDS LOSSLESS CNNS WITH LOW-PRECISION WEIGHTS}},
	year = {2017},
	doi = {https://arxiv.org/pdf/1702.03044.pdf},
	publisher = {arXiv:1702.03044},
}

@inproceedints{weightsActivationsConstrained,
    author = {Matthieu Courbariaux et al.},
	title = {{Training deep neural networks with weights and activations constrained to+ 1 or-1}},
	year = {2016},
	doi = {https://arxiv.org/pdf/1602.02830.pdf},
	publisher = {arXiv:1602.02830},
}

@inproceedints{deepCompression,
    author = {Song Han et al.},
	title = {{Deep Compression: Compressing Deep Neural Networks with Pruning, Trained Quantization and Huffman Coding}},
	year = {2015},
	doi = {https://arxiv.org/pdf/1510.00149.pdf},
	publisher = {arXiv:1510.00149},
}

@inproceedings{efficientProcessingNNSurvey,
	author = {Vivienne Sze et al.},
	title = {{Efficient Processing of Deep Neural Networks: A Tutorial and Survey}},
	year = {2017},
	doi = {https://arxiv.org/abs/1703.09039},
	publisher = {arXiv:1703.09039},
}

@inproceedings{exampleFPGA1,
	author = {Sudarshan Srinivasan et al.},
	title = {{High Performance Scalable FPGA Accelerator for Deep Neural Networks}},
	year = {2019},
	doi = {https://arxiv.org/pdf/1908.11809.pdf},
	publisher = {arXiv:1908.11809},
}

@inproceedings{exampleFPGA2,
	author = {Zhang et al.},
	title = {{Optimizing FPGA-based Accelerator Design for Deep Convolutional Neural Networks}},
	year = {2015},
	doi = {https://cadlab.cs.ucla.edu/~cong/slides/fpga2015_chen.pdf},
	publisher = {},
}

@inproceedings{exampleFPGA3,
	author = {Utku Aydonat et al.},
	title = {{An OpenCLâ„¢ Deep Learning Accelerator on Arria 10}},
	year = {2017},
	doi = {https://arxiv.org/pdf/1701.03534.pdf},
	publisher = {arXiv:1701.03534},
}



@inproceedings{large-scale-p2p-sim,
	author = {Dinh, Tien Tuan Anh and Theodoropoulos, Georgios and Minson, Rob},
	title = {{Evaluating Large Scale Distributed Simulation of P2P Networks}},
	booktitle = {DS-RT '08: Proceedings of the 2008 12th IEEE/ACM International Symposium on Distributed Simulation and Real-Time Applications},
	year = {2008},
	isbn = {978-0-7695-3425-1},
	pages = {51--58},
	doi = {http://dx.doi.org/10.1109/DS-RT.2008.36},
	publisher = {IEEE Computer Society},
	address = {Washington, DC, USA},
}

# sample URL
@misc{openvz,
	howpublished = {{http://wiki.openvz.org/}},
	title = {{OpenVZ}}
}

% temporary bib item; useful for marking down future citations
@misc{TODO,
	title = {{TODO}}
}
